@article{davisson1927scattering,
  title={The scattering of electrons by a single crystal of nickel},
  author={Davisson, Clinton and Germer, Lester Halbert},
  journal={Nature},
  volume={119},
  number={2998},
  pages={558--560},
  year={1927},
  publisher={Nature Publishing Group}
}

@article{soares2011advances,
  title={Advances on surface structural determination by LEED},
  author={Soares, Edmar A and de Castilho, Caio MC and de Carvalho, Vagner E},
  journal={Journal of Physics: Condensed Matter},
  volume={23},
  number={30},
  pages={303001},
  year={2011},
  publisher={IOP Publishing}
}


@article{watson2003nist,
  title={NIST Surface Structure Database (SSD), Standard Reference Database 42},
  author={Watson, PR and Van Hove, MA and Hermann, K},
  journal={Software Version},
  volume={5},
  year={2003}
}

@article{van2009atomic,
  title={Atomic-scale structure: From surfaces to nanomaterials},
  author={Van Hove, Michel Andre},
  journal={Surface science},
  volume={603},
  number={10-12},
  pages={1301--1305},
  year={2009},
  publisher={Elsevier}
}

@article{scharber2013efficiency,
  title={Efficiency of bulk-heterojunction organic solar cells},
  author={Scharber, Markus Clark and Sariciftci, Niyazi Serdar},
  journal={Progress in polymer science},
  volume={38},
  number={12},
  pages={1929--1940},
  year={2013},
  publisher={Elsevier}
}

@article{knupfer2003exciton,
  title={Exciton binding energies in organic semiconductors},
  author={Knupfer, Martin},
  journal={Applied Physics A},
  volume={77},
  number={5},
  pages={623--626},
  year={2003},
  publisher={Springer}
}
@article{pospischil2016optoelectronic,
  title={Optoelectronic devices based on atomically thin transition metal dichalcogenides},
  author={Pospischil, Andreas and Mueller, Thomas},
  journal={Applied Sciences},
  volume={6},
  number={3},
  pages={78},
  year={2016},
  publisher={Multidisciplinary Digital Publishing Institute}
}

@article{ugeda2014giant,
  title={Giant bandgap renormalization and excitonic effects in a monolayer transition metal dichalcogenide semiconductor},
  author={Ugeda, Miguel M and Bradley, Aaron J and Shi, Su-Fei and Da Jornada, Felipe H and Zhang, Yi and Qiu, Diana Y and Ruan, Wei and Mo, Sung-Kwan and Hussain, Zahid and Shen, Zhi-Xun and others},
  journal={Nature materials},
  volume={13},
  number={12},
  pages={1091--1095},
  year={2014},
  publisher={Nature Publishing Group}
}


@article{park2009bulk,
  title={Bulk heterojunction solar cells with internal quantum efficiency approaching 100\%},
  author={Park, Sung Heum and Roy, Anshuman and Beaupr{\'e}, Serge and Cho, Shinuk and Coates, Nelson and Moon, Ji Sun and Moses, Daniel and Leclerc, Mario and Lee, Kwanghee and Heeger, Alan J},
  journal={Nature photonics},
  volume={3},
  number={5},
  pages={297--302},
  year={2009},
  publisher={Nature Publishing Group}
}


@article{ohkita2008charge,
  title={Charge carrier formation in polythiophene/fullerene blend films studied by transient absorption spectroscopy},
  author={Ohkita, Hideo and Cook, Steffan and Astuti, Yeni and Duffy, Warren and Tierney, Steve and Zhang, Weimin and Heeney, Martin and McCulloch, Iain and Nelson, Jenny and Bradley, Donal DC and others},
  journal={Journal of the American Chemical Society},
  volume={130},
  number={10},
  pages={3030--3042},
  year={2008},
  publisher={ACS Publications}
}

@article{clarke2008free,
  title={Free energy control of charge photogeneration in polythiophene/fullerene solar cells: the influence of thermal annealing on P3HT/PCBM blends},
  author={Clarke, Tracey M and Ballantyne, Amy M and Nelson, Jenny and Bradley, Donal DC and Durrant, James R},
  journal={Advanced Functional Materials},
  volume={18},
  number={24},
  pages={4029--4035},
  year={2008},
  publisher={Wiley Online Library}
}


@article{clarke2010charge,
  title={Charge photogeneration in organic solar cells},
  author={Clarke, Tracey M and Durrant, James R},
  journal={Chemical reviews},
  volume={110},
  number={11},
  pages={6736--6767},
  year={2010},
  publisher={ACS Publications}
}


@article{pensack2009barrierless,
  title={Barrierless free carrier formation in an organic photovoltaic material measured with ultrafast vibrational spectroscopy},
  author={Pensack, Ryan D and Asbury, John B},
  journal={Journal of the American Chemical Society},
  volume={131},
  number={44},
  pages={15986--15987},
  year={2009},
  publisher={ACS Publications}
}

@article{bernede2008organic,
  title={Organic photovoltaic cells: History, principle and techniques},
  author={Bernede, JC},
  journal={Journal of the Chilean Chemical Society},
  volume={53},
  number={3},
  pages={1549--1564},
  year={2008},
  publisher={SciELO Chile}
}


@article{gautam2016charge,
  title={Charge Photogeneration in Organic Photovoltaics: Role of Hot versus Cold Charge-Transfer Excitons},
  author={Gautam, Bhoj R and Younts, Robert and Li, Wentao and Yan, Liang and Danilov, Evgeny and Klump, Erik and Constantinou, Iordania and So, Franky and You, Wei and Ade, Harald and others},
  journal={Advanced Energy Materials},
  volume={6},
  number={1},
  pages={1301032},
  year={2016},
  publisher={Wiley Online Library}
}

@article{marchetti2021machine,
  title={Machine learning prediction of allosteric drug activity from molecular dynamics},
  author={Marchetti, Filippo and Moroni, Elisabetta and Pandini, Alessandro and Colombo, Giorgio},
  journal={The journal of physical chemistry letters},
  volume={12},
  number={15},
  pages={3724--3732},
  year={2021},
  publisher={ACS Publications}
}

@article{athanasopoulos2017efficient,
  title={Efficient charge separation of cold charge-transfer states in organic solar cells through incoherent hopping},
  author={Athanasopoulos, Stavros and Tscheuschner, Steffen and Bässler, Heinz and Köhler, Anna},
  journal={The Journal of Physical Chemistry Letters},
  volume={8},
  number={9},
  pages={2093--2098},
  year={2017},
  publisher={ACS Publications}
}

@article{fazzi2017hot,
  title={Hot and cold charge-transfer mechanisms in organic photovoltaics: insights into the excited states of donor/acceptor interfaces},
  author={Fazzi, Daniele and Barbatti, Mario and Thiel, Walter},
  journal={The Journal of Physical Chemistry Letters},
  volume={8},
  number={19},
  pages={4727--4734},
  year={2017},
  publisher={ACS Publications}
}

@article{gregg2011entropy,
  title={Entropy of charge separation in organic photovoltaic cells: the benefit of higher dimensionality},
  author={Gregg, Brian A},
  journal={The Journal of Physical Chemistry Letters},
  volume={2},
  number={24},
  pages={3013--3015},
  year={2011},
  publisher={ACS Publications}
}

@article{chen2011hierarchical,
  title={Hierarchical nanomorphologies promote exciton dissociation in polymer/fullerene bulk heterojunction solar cells},
  author={Chen, Wei and Xu, Tao and He, Feng and Wang, Wei and Wang, Cheng and Strzalka, Joseph and Liu, Yun and Wen, Jianguo and Miller, Dean J and Chen, Jihua and others},
  journal={Nano letters},
  volume={11},
  number={9},
  pages={3707--3713},
  year={2011},
  publisher={ACS Publications}
}

@article{vandewal2009varying,
  title={Varying polymer crystallinity in nanofiber poly (3-alkylthiophene): PCBM solar cells: Influence on charge-transfer state energy and open-circuit voltage},
  author={Vandewal, Koen and Oosterbaan, Wibren D and Bertho, Sabine and Vrindts, Veerle and Gadisa, Abay and Lutsen, Laurence and Vanderzande, Dirk and Manca, Jean V},
  journal={Applied Physics Letters},
  volume={95},
  number={12},
  pages={256},
  year={2009},
  publisher={American Institute of Physics}
}

@article{strobel2010role,
  title={Role of polaron pair diffusion and surface losses in organic semiconductor devices},
  author={Strobel, Thomas and Deibel, Carsten and Dyakonov, Vladimir},
  journal={Physical review letters},
  volume={105},
  number={26},
  pages={266602},
  year={2010},
  publisher={APS}
}

@article{gregg2009charged,
  title={Charged defects in soft semiconductors and their influence on organic photovoltaics},
  author={Gregg, Brian A},
  journal={Soft Matter},
  volume={5},
  number={16},
  pages={2985--2989},
  year={2009},
  publisher={Royal Society of Chemistry}
}

@article{grancini2013hot,
  title={Hot exciton dissociation in polymer solar cells},
  author={Grancini, Giulia and Maiuri, Margherita and Fazzi, Daniele and Petrozza, Annamaria and Egelhaaf, Hans-Joachim and Brida, Daniele and Cerullo, Giulio and Lanzani, Guglielmo},
  journal={Nature materials},
  volume={12},
  number={1},
  pages={29--33},
  year={2013},
  publisher={Nature Publishing Group}
}

@article{jailaubekov2013hot,
  title={Hot charge-transfer excitons set the time limit for charge separation at donor/acceptor interfaces in organic photovoltaics},
  author={Jailaubekov, Askat E and Willard, Adam P and Tritsch, John R and Chan, Wai-Lun and Sai, Na and Gearba, Raluca and Kaake, Loren G and Williams, Kenrick J and Leung, Kevin and Rossky, Peter J and others},
  journal={Nature materials},
  volume={12},
  number={1},
  pages={66--73},
  year={2013},
  publisher={Nature Publishing Group}
}

@article{gelinas2014ultrafast,
  title={Ultrafast long-range charge separation in organic semiconductor photovoltaic diodes},
  author={G{\'e}linas, Simon and Rao, Akshay and Kumar, Abhishek and Smith, Samuel L and Chin, Alex W and Clark, Jenny and Van Der Poll, Tom S and Bazan, Guillermo C and Friend, Richard H},
  journal={Science},
  volume={343},
  number={6170},
  pages={512--516},
  year={2014},
  publisher={American Association for the Advancement of Science}
}

@article{savoie2014unequal,
  title={Unequal partnership: Asymmetric roles of polymeric donor and fullerene acceptor in generating free charge},
  author={Savoie, Brett M and Rao, Akshay and Bakulin, Artem A and Gelinas, Simon and Movaghar, Bijan and Friend, Richard H and Marks, Tobin J and Ratner, Mark A},
  journal={Journal of the American Chemical Society},
  volume={136},
  number={7},
  pages={2876--2884},
  year={2014},
  publisher={ACS Publications}
}


@article{qian2018design,
  title={Design rules for minimizing voltage losses in high-efficiency organic solar cells},
  author={Qian, Deping and Zheng, Zilong and Yao, Huifeng and Tress, Wolfgang and Hopper, Thomas R and Chen, Shula and Li, Sunsun and Liu, Jing and Chen, Shangshang and Zhang, Jiangbin and others},
  journal={Nature materials},
  volume={17},
  number={8},
  pages={703--709},
  year={2018},
  publisher={Nature Publishing Group}
}


@article{dimitrov2019spectroscopic,
  title={Spectroscopic investigation of the effect of microstructure and energetic offset on the nature of interfacial charge transfer states in polymer: fullerene blends},
  author={Dimitrov, Stoichko D and Azzouzi, Mohammed and Wu, Jiaying and Yao, Jizhong and Dong, Yifan and Tuladhar, P Shakya and Schroeder, Bob C and Bittner, Eric R and McCulloch, Iain and Nelson, Jenny and others},
  journal={Journal of the American Chemical Society},
  volume={141},
  number={11},
  pages={4634--4643},
  year={2019},
  publisher={ACS Publications}
}

@article{menke2018order,
  title={Order enables efficient electron-hole separation at an organic heterojunction with a small energy loss},
  author={Menke, S Matthew and Cheminal, Alexandre and Conaghan, Patrick and Ran, Niva A and Greehnam, Neil C and Bazan, Guillermo C and Nguyen, Thuc-Quyen and Rao, Akshay and Friend, Richard H},
  journal={Nature communications},
  volume={9},
  number={1},
  pages={1--7},
  year={2018},
  publisher={Nature Publishing Group}
}


@article{liu2018unexpectedly,
  title={Unexpectedly slow yet efficient picosecond to nanosecond photoinduced hole-transfer occurs in a polymer/nonfullerene acceptor organic photovoltaic blend},
  author={Liu, Yun and Zuo, Lijian and Shi, Xueliang and Jen, Alex K-Y and Ginger, David S},
  journal={ACS Energy Letters},
  volume={3},
  number={10},
  pages={2396--2403},
  year={2018},
  publisher={ACS Publications}
}

@article{monahan2015direct,
  title={Direct observation of entropy-driven electron-hole pair separation at an organic semiconductor interface},
  author={Monahan, Nicholas R and Williams, Kristopher W and Kumar, Bharat and Nuckolls, Colin and Zhu, X-Y},
  journal={Physical review letters},
  volume={114},
  number={24},
  pages={247003},
  year={2015},
  publisher={APS}
}


@article{hood2016entropy,
  title={Entropy and disorder enable charge separation in organic solar cells},
  author={Hood, Samantha N and Kassal, Ivan},
  journal={The journal of physical chemistry letters},
  volume={7},
  number={22},
  pages={4495--4500},
  year={2016},
  publisher={ACS Publications}
}

@article{bredas2004charge,
  title={Charge-transfer and energy-transfer processes in $\pi$-conjugated oligomers and polymers: a molecular picture},
  author={Br{\'e}das, Jean-Luc and Beljonne, David and Coropceanu, Veaceslav and Cornil, J{\'e}r{\^o}me},
  journal={Chemical reviews},
  volume={104},
  number={11},
  pages={4971--5004},
  year={2004},
  publisher={ACS Publications}
}

@article{scholes2006erratum,
  title={Erratum: Excitons in nanoscale systems (Nature Materials (2006) 5 (683-696))},
  author={Scholes, Gregory D and Rumbles, Garry},
  journal={Nature Materials},
  volume={5},
  number={11},
  year={2006},
  publisher={Nature Publishing Group}
}


@article{wang2017multidimensional,
  title={A multidimensional view of charge transfer excitons at organic donor--acceptor interfaces},
  author={Wang, Ti and Kafle, Tika R and Kattel, Bhupal and Chan, Wai-Lun},
  journal={Journal of the American Chemical Society},
  volume={139},
  number={11},
  pages={4098--4106},
  year={2017},
  publisher={ACS Publications}
}

@article{kafle2020spontaneous,
  title={Spontaneous exciton dissociation at organic semiconductor interfaces facilitated by the orientation of the delocalized electron--hole wavefunction},
  author={Kafle, Tika R and Kattel, Bhupal and Wanigasekara, Shanika and Wang, Ti and Chan, Wai-Lun},
  journal={Advanced Energy Materials},
  volume={10},
  number={10},
  pages={1904013},
  year={2020},
  publisher={Wiley Online Library}
}

@article{ostroverkhova2016organic,
  title={Organic optoelectronic materials: mechanisms and applications},
  author={Ostroverkhova, Oksana},
  journal={Chemical reviews},
  volume={116},
  number={22},
  pages={13279--13412},
  year={2016},
  publisher={ACS Publications}
}


@article{liu202018,
  title={18\% Efficiency organic solar cells},
  author={Liu, Qishi and Jiang, Yufan and Jin, Ke and Qin, Jianqiang and Xu, Jingui and Li, Wenting and Xiong, Ji and Liu, Jinfeng and Xiao, Zuo and Sun, Kuan and others},
  journal={Science Bulletin},
  volume={65},
  number={4},
  pages={272--275},
  year={2020}
}

@article{zhang2020delocalization,
  title={Delocalization of exciton and electron wavefunction in non-fullerene acceptor molecules enables efficient organic solar cells},
  author={Zhang, Guichuan and Chen, Xian-Kai and Xiao, Jingyang and Chow, Philip CY and Ren, Minrun and Kupgan, Grit and Jiao, Xuechen and Chan, Christopher and Du, Xiaoyan and Xia, Ruoxi and others},
  journal={Nature communications},
  volume={11},
  number={1},
  pages={1--10},
  year={2020},
  publisher={Nature Publishing Group}
}

@article{zhu2020crystallography,
  title={Crystallography, morphology, electronic structure, and transport in non-fullerene/non-indacenodithienothiophene polymer: Y6 solar cells},
  author={Zhu, Weigang and Spencer, Austin P and Mukherjee, Subhrangsu and Alzola, Joaquin M and Sangwan, Vinod K and Amsterdam, Samuel H and Swick, Steven M and Jones, Leighton O and Heiber, Michael C and Herzing, Andrew A and others},
  journal={Journal of the American Chemical Society},
  volume={142},
  number={34},
  pages={14532--14547},
  year={2020},
  publisher={ACS Publications}
}


@article{causa2016fate,
  title={The fate of electron--hole pairs in polymer: fullerene blends for organic photovoltaics},
  author={Causa, Martina and Jonghe-Risse, De and Scarongella, Mariateresa and Brauer, Jan C and Buchaca-Domingo, Ester and Moser, Jacques-E and Stingelin, Natalie and Banerji, Natalie and others},
  journal={Nature communications},
  volume={7},
  number={1},
  pages={1--10},
  year={2016},
  publisher={Nature Publishing Group}
}

@article{lin2015electron,
  title={An electron acceptor challenging fullerenes for efficient polymer solar cells},
  author={Lin, Yuze and Wang, Jiayu and Zhang, Zhi-Guo and Bai, Huitao and Li, Yongfang and Zhu, Daoben and Zhan, Xiaowei},
  journal={Advanced materials},
  volume={27},
  number={7},
  pages={1170--1174},
  year={2015},
  publisher={Wiley Online Library}
}


@article{he2011fullerene,
  title={Fullerene derivative acceptors for high performance polymer solar cells},
  author={He, Youjun and Li, Yongfang},
  journal={Physical chemistry chemical physics},
  volume={13},
  number={6},
  pages={1970--1983},
  year={2011},
  publisher={Royal Society of Chemistry}
}


@article{polman2016photovoltaic,
  title={Photovoltaic materials: Present efficiencies and future challenges},
  author={Polman, Albert and Knight, Mark and Garnett, Erik C and Ehrler, Bruno and Sinke, Wim C},
  journal={Science},
  volume={352},
  number={6283},
  pages={aad4424},
  year={2016},
  publisher={American Association for the Advancement of Science}
}

@article{wang2019large,
  title={Large-area organic solar cells: material requirements, modular designs, and printing methods},
  author={Wang, Guodong and Adil, Muhammad Abdullah and Zhang, Jianqi and Wei, Zhixiang},
  journal={Advanced Materials},
  volume={31},
  number={45},
  pages={1805089},
  year={2019},
  publisher={Wiley Online Library}
}

@article{yao2015quantifying,
  title={Quantifying losses in open-circuit voltage in solution-processable solar cells},
  author={Yao, Jizhong and Kirchartz, Thomas and Vezie, Michelle S and Faist, Mark A and Gong, Wei and He, Zhicai and Wu, Hongbin and Troughton, Joel and Watson, Trystan and Bryant, Daniel and others},
  journal={Physical review applied},
  volume={4},
  number={1},
  pages={014020},
  year={2015},
  publisher={APS}
}

@article{rand2007offset,
  title={Offset energies at organic semiconductor heterojunctions and their influence on the open-circuit voltage of thin-film solar cells},
  author={Rand, Barry P and Burk, Diana P and Forrest, Stephen R},
  journal={Physical Review B},
  volume={75},
  number={11},
  pages={115327},
  year={2007},
  publisher={APS}
}

@article{liu2019engineering,
  title={Engineering charge-transfer states for efficient, low-energy-loss organic photovoltaics},
  author={Liu, Xiao and Rand, Barry P and Forrest, Stephen R},
  journal={Trends in Chemistry},
  volume={1},
  number={9},
  pages={815--829},
  year={2019},
  publisher={Elsevier}
}


@misc{NREL,
  title = {Best Research-Cell Efficiency Chart},
  howpublished = {\url{https://www.nrel.gov/pv/cell-efficiency.html}},
  note = {Accessed: 2022-06-24}
}


@article{cheng2018next,
  title={Next-generation organic photovoltaics based on non-fullerene acceptors},
  author={Cheng, Pei and Li, Gang and Zhan, Xiaowei and Yang, Yang},
  journal={Nature Photonics},
  volume={12},
  number={3},
  pages={131--142},
  year={2018},
  publisher={Nature Publishing Group}
}

@article{hou2018organic,
  title={Organic solar cells based on non-fullerene acceptors},
  author={Hou, Jianhui and Ingan{\"a}s, Olle and Friend, Richard H and Gao, Feng},
  journal={Nature materials},
  volume={17},
  number={2},
  pages={119--128},
  year={2018},
  publisher={Nature Publishing Group}
}

@article{chen2018efficient,
  title={Efficient nonfullerene organic solar cells with small driving forces for both hole and electron transfer},
  author={Chen, Shangshang and Wang, Yuming and Zhang, Lin and Zhao, Jingbo and Chen, Yuzhong and Zhu, Danlei and Yao, Huatong and Zhang, Guangye and Ma, Wei and Friend, Richard H and others},
  journal={Advanced Materials},
  volume={30},
  number={45},
  pages={1804215},
  year={2018},
  publisher={Wiley Online Library}
}

@article{li2018analyzing,
  title={Analyzing the efficiency, stability and cost potential for fullerene-free organic photovoltaics in one figure of merit},
  author={Li, Ning and McCulloch, Iain and Brabec, Christoph J},
  journal={Energy \& Environmental Science},
  volume={11},
  number={6},
  pages={1355--1361},
  year={2018},
  publisher={Royal Society of Chemistry}
}


@article{ching1991first,
  title={First-principles calculation of optical properties of C 60 in the fcc lattice},
  author={Ching, WY and Huang, Ming-Zhu and Xu, Yong-Nian and Harter, WG and Chan, FT},
  journal={Physical review letters},
  volume={67},
  number={15},
  pages={2045},
  year={1991},
  publisher={APS}
}

@article{ludwig1994stm,
  title={STM investigations of PTCDA and PTCDI on graphite and MoS2. A systematic study of epitaxy and STM image contrast},
  author={Ludwig, Christoph and Gompf, Bruno and Petersen, J{\"o}rg and Strohmaier, Rainer and Eisenmenger, Wolfgang},
  journal={Zeitschrift f{\"u}r Physik B Condensed Matter},
  volume={93},
  number={3},
  pages={365--373},
  year={1994},
  publisher={Springer}
}


@article{rijal2020collective,
  title={Collective effects of band offset and wave function dimensionality on impeding electron transfer from 2D to organic crystals},
  author={Rijal, Kushal and Rudayni, Fatimah and Kafle, Tika R and Chan, Wai-Lun},
  journal={The Journal of Physical Chemistry Letters},
  volume={11},
  number={18},
  pages={7495--7501},
  year={2020},
  publisher={ACS Publications}
}


@article{yuan2020twist,
  title={Twist-angle-dependent interlayer exciton diffusion in WS2--WSe2 heterobilayers},
  author={Yuan, Long and Zheng, Biyuan and Kunstmann, Jens and Brumme, Thomas and Kuc, Agnieszka Beata and Ma, Chao and Deng, Shibin and Blach, Daria and Pan, Anlian and Huang, Libai},
  journal={Nature materials},
  volume={19},
  number={6},
  pages={617--623},
  year={2020},
  publisher={Nature Publishing Group}
}

@article{bai2020excitons,
  title={Excitons in strain-induced one-dimensional moire potentials at transition metal dichalcogenide heterojunctions (Jul, 10.1038/s41563-020-0730-8, 2020)},
  author={Bai, YS and Zhou, Lin and Wang, Jue and Wu, WJ and McGilly, Leo J and Halbertal, Dorri and Lo, Chiu Fan Bowen and Liu, Fang and Ardelean, Jenny and Rivera, Pasqual and others},
  journal={Nature Materials},
  volume={19},
  number={10},
  pages={1124--1124},
  year={2020},
  publisher={Nature Publishing Group}
}


@article{seyler2019signatures,
  title={Signatures of moir{\'e}-trapped valley excitons in MoSe2/WSe2 heterobilayers},
  author={Seyler, Kyle L and Rivera, Pasqual and Yu, Hongyi and Wilson, Nathan P and Ray, Essance L and Mandrus, David G and Yan, Jiaqiang and Yao, Wang and Xu, Xiaodong},
  journal={Nature},
  volume={567},
  number={7746},
  pages={66--70},
  year={2019},
  publisher={Nature Publishing Group}
}


@article{cariou2018iii,
  title={III--V-on-silicon solar cells reaching 33\% photoconversion efficiency in two-terminal configuration},
  author={Cariou, Romain and Benick, Jan and Feldmann, Frank and H{\"o}hn, Oliver and Hauser, Hubert and Beutel, Paul and Razek, Nasser and Wimplinger, Markus and Bl{\"a}si, Benedikt and Lackner, David and others},
  journal={Nature Energy},
  volume={3},
  number={4},
  pages={326--333},
  year={2018},
  publisher={Nature Publishing Group}
}

@article{brabec2010polymer,
  title={Polymer--fullerene bulk-heterojunction solar cells},
  author={Brabec, Christoph J and Gowrisanker, Srinivas and Halls, Jonathan JM and Laird, Darin and Jia, Shijun and Williams, Shawn P},
  journal={Advanced Materials},
  volume={22},
  number={34},
  pages={3839--3856},
  year={2010},
  publisher={Wiley Online Library}
}


@phdthesis{kafle2019role,
  title={The role of spatial size and orientation of electronic wavefunction in exciton dissociation at van der Waals interfaces},
  author={Kafle, Tika Ram},
  year={2019},
  school={University of Kansas}
}

@article{martinez2014imaging,
  title={Imaging molecular orbitals of PTCDA on graphene on Pt (111): electronic structure by STM and first-principles calculations},
  author={Mart{\'\i}nez-Galera, Antonio J and Nicoara, Nicoleta and Mart{\'\i}nez, José I and Dappe, Yannick J and Ortega, José and Gómez-Rodr{\'\i}guez, José M},
  journal={The Journal of Physical Chemistry C},
  volume={118},
  number={24},
  pages={12782--12788},
  year={2014},
  publisher={ACS Publications}
}

@article{forker2009optical,
  title={Optical absorption spectra of ultrathin PTCDA films on gold single crystals: Charge transfer beyond the first monolayer},
  author={Forker, Roman and Golnik, Christian and Pizzi, Giovanni and Dienel, Thomas and Fritz, Torsten},
  journal={Organic Electronics},
  volume={10},
  number={8},
  pages={1448--1453},
  year={2009},
  publisher={Elsevier}
}

@article{park2018direct,
  title={Direct determination of monolayer MoS2 and WSe2 exciton binding energies on insulating and metallic substrates},
  author={Park, Soohyung and Mutz, Niklas and Schultz, Thorsten and Blumstengel, Sylke and Han, Ali and Aljarb, Areej and Li, Lain-Jong and List-Kratochvil, Emil JW and Amsalem, Patrick and Koch, Norbert},
  journal={2D Materials},
  volume={5},
  number={2},
  pages={025003},
  year={2018},
  publisher={IOP Publishing}
}


@article{chou2012effect,
  title={Effect of substrate temperature on orientation of subphthalocyanine molecule in organic photovoltaic cells},
  author={Chou, Chi-Ta and Tang, Wei-Li and Tai, Yian and Lin, Chien-Hung and Liu, Chin-Hsin J and Chen, Li-Chyong and Chen, Kuei-Hsien},
  journal={Thin Solid Films},
  volume={520},
  number={6},
  pages={2289--2292},
  year={2012},
  publisher={Elsevier}
}


@article{ludwig1994epitaxy,
  title={Epitaxy and scanning tunneling microscopy image contrast of copper--phthalocyanine on graphite and MoS2},
  author={Ludwig, Christoph and Strohmaier, Rainer and Petersen, J{\"o}rg and Gompf, Bruno and Eisenmenger, Wolfgang},
  journal={Journal of Vacuum Science \& Technology B: Microelectronics and Nanometer Structures Processing, Measurement, and Phenomena},
  volume={12},
  number={3},
  pages={1963--1966},
  year={1994},
  publisher={American Vacuum Society}
}